@article{moore_2011_elearning,
  author = {Moore, Joi L. and Dickson-Deane, Camille and Galyen, Krista},
  month = {03},
  pages = {129-135},
  title = {e-Learning, online learning, and distance learning environments: Are they the same?},
  doi = {10.1016/j.iheduc.2010.10.001},
  url = {https://www.sciencedirect.com/science/article/pii/S1096751610000886},
  urldate = {2020-10-16},
  volume = {14},
  year = {2011},
  journal = {The Internet and Higher Education}
}

@misc{lynch_2020_cyberlearning,
  author = {Lynch, Matthew},
  month = {10},
  title = {Cyberlearning vs. Elearning – Is there a difference?},
  url = {https://www.thetechedvocate.org/cyberlearning-vs-elearning-difference/},
  urldate = {2020-10-16},
  year = {2020},
  organization = {The Tech Edvocate},
  howpublished = "\url{https://www.thetechedvocate.org/cyberlearning-vs-elearning-difference/}"
}

@article{montfort_2012_what,
  author = {Montfort, Devlin B. and Brown, Shane},
  month = {05},
  pages = {90-102},
  title = {What Do We Mean by Cyberlearning: Characterizing a Socially Constructed Definition with Experts and Practitioners},
  doi = {10.1007/s10956-012-9378-8},
  url = {https://link.springer.com/article/10.1007/s10956-012-9378-8#citeas},
  urldate = {2020-10-16},
  volume = {22},
  year = {2012},
  journal = {Journal of Science Education and Technology}
}

@article{wesson_2002_usability,
  author = {Wesson, Janet},
  pages = {357-363},
  title = {Usability evaluation of web-based learning},
  doi = {10.1007/978-0-387-35615-0_50},
  url = {https://link.springer.com/chapter/10.1007/978-0-387-35615-0_50},
  urldate = {2020-10-16},
  year = {2002},
  journal = {TelE-Learning},
  howpublished = "\url{https://link.springer.com/chapter/10.1007/978-0-387-35615-0_50}"
}


@article{li_2013_engaging,
  author = {Li, Cen and Dong, Zhijiang and Untch, Roland H. and Chasteen, Michael},
  pages = {72-77},
  title = {Engaging Computer Science Students through Gamification in an Online Social Network Based Collaborative Learning Environment},
  doi = {10.7763/ijiet.2013.v3.237},
  urldate = {2018-12-08},
  year = {2013},
  journal = {International Journal of Information and Education Technology}
}



@article{ui/ux,
  author = {Alomari, Hakam W. and Ramasamy, Vijayalakshmi and Kiper, James D. and Potvin, Geoff},
  month = {05},
  pages = {e03917},
  title = {A User Interface (UI) and User eXperience (UX) evaluation framework for cyberlearning environments in computer science and software engineering education},
  doi = {10.1016/j.heliyon.2020.e03917},
  url = {https://www.sciencedirect.com/science/article/pii/S2405844020307623#sec2},
  urldate = {2020-10-16},
  volume = {6},
  year = {2020},
  journal = {Heliyon}
}

@misc{borgman_2017_fostering,
  author = {Borgman, Christine L and Abelson, Hal and Dirks, Lee and Johnson, Roberta and Koedinger, Kenneth R and Linn, Marcia C and Lynch, Clifford A and Oblinger, Diana G and Pea, Roy D and Salen, Katie and Smith, Marshall S and Szalay, Alex},
  title = {Fostering Learning in the Networked World: The Cyberlearning Opportunity and Challenge. A 21st Century Agenda for the National Science Foundation},
  url = {https://escholarship.org/uc/item/32t8b4bt},
  urldate = {2020-10-16},
  year = {2017},
  organization = {Escholarship.org},
  howpublished = "\url{https://escholarship.org/uc/item/32t8b4bt}"
}

@misc{theymakedesign_2019_what,
  author = {They Make Design},
  month = {02},
  publisher = {UX Planet},
  title = {What is UI design? What is UX design? UI vs UX: What’s the difference},
  url = {https://uxplanet.org/what-is-ui-vs-ux-design-and-the-difference-d9113f6612de},
  urldate = {2020-10-17},
  year = {2019},
  organization = {Medium},
  howpublished = "\url{https://uxplanet.org/what-is-ui-vs-ux-design-and-the-difference-d9113f6612de}"
}

@ARTICLE{automated_testing_ifml,
  author={N. {Yousaf} and F. {Azam} and W. H. {Butt} and M. W. {Anwar} and M. {Rashid}},
  journal={IEEE Access}, 
  title={Automated Model-Based Test Case Generation for Web User Interfaces (WUI) From Interaction Flow Modeling Language (IFML) Models}, 
  year={2019},
  volume={7},
  number={},
  pages={67331-67354},
  doi={10.1109/ACCESS.2019.2917674}}

  @inproceedings{distance_definition,
author = {Dringus, L.P. and Cohen, M.S.},
year = {2005},
month = {11},
pages = {T2H - 6},
title = {An adaptable usability heuristic checklist for online courses},
isbn = {0-7803-9077-6},
doi = {10.1109/FIE.2005.1611918}
}